
@book{stigler_history_1986,
	address = {Cambridge, Mass.},
	title = {The History of Statistics: the Measurement of Uncertainty Before 1900},
	language = {English},
	publisher = {Belknap Press of Harvard University Press},
	author = {Stigler, Stephen M},
	year = {1986},
	keywords = {statistics}
}